@article{Herbie,
    author  = "Pavel Panchekha and Alex Sachez-Stern and James R. Wilcox and Zachary Tatlock",
    title   = "Automatically Improving Accuracy for Floating Point Expressions",
    year    = "2015",
    url = "https://herbie.uwplse.org/pldi15-paper.pdf"
}
@article{Odyssey,
    author  = "Misback, Edward",
    title   = "Odyssey: An interactive workbench for expert-driven floating-point expression rewriting.",
    year    = "2023",
    url = "https://dl.acm.org/doi/10.1145/3586183.3606819"
}
@misc{Rival,
  title = {Rival},
  howpublished = {\url{https://github.com/herbie-fp/rival}},
  note = {Accessed: 2024-11-16}
}
@book{Hamming,
    author = {R. Hamming.},
    title = { Numerical Methods for Scientists and Engineers. Dover},
    publisher = {Dover Publications},
    year = {1987}
}
@article{Posit,
    author  = "Misback, Edward",
    title   = "Beating floating point at its own game: Posit arithmetic",
    year    = "2017",
    url = "https://dl.acm.org/doi/10.14529/jsfi170206"
}